% ------------------------------------------------------------------------
% SAMPLE BIBLIOGRAPHY FILE
% ------------------------------------------------------------------------

% ---------------------------------  Misc  ---------------------------------
% use this to cite images

@misc{cve-2008-1368,
  key =          {CVE-2008-1368},
  title =        {Publication quality tables in \LaTeX*},
  howpublished = {},
  institution  = {NIST},
  day =       17,
  month =     {March},
  year =         2008,
  note =         {[online] \url{http://nvd.nist.gov/nvd.cfm?cvename=CVE-2008-1368}},
  url = {http://nvd.nist.gov/nvd.cfm?cvename=CVE-2008-1368}
}

@MISC{WikipediaEN:AFM,
 author = {{Wikipedia, the free encyclopedia}},
 title = {Atomic force microscopy},
 year = {2013},
 note = {[Online; accessed April 27, 2013]},
 url = {https://en.wikipedia.org/wiki/File:Atomic_force_microscope_block_diagram.svg}
}

@MASTERSTHESIS{Sim90,
 author={A. Simoni\v{c}},
 title={Grupe Operatorjev s Pozitivnim Spektrom},
 school={Univerza v Ljubljani, FNT, Oddelek za Matematiko},
 year={1990},
}

@UNPUBLISHED{Sim91,
 author={A. Simoni\v{c}},
 title={Notes on {Subharmonic} {Functions}},
 note={Lecture Notes, Dalhousie University,
       Department of Mathematics, Statistics, \& Computing Science},
 year={1991},
}

@ARTICLE{Sim92,
 author={A. Simoni\v{c}},
 title={Matrix {Groups} with {Positive} {Spectra}},
 journal={Linear Algebra Appl.},
 volume={173},
 year={1992},
 pages={57-76},
}

@PHDTHESIS{Sim94,
 author={A. Simoni\v{c}},
 title={An {Extension} of {Lomonosov's} {Techniques} to {Non}-{Compact}
       {Operators}},
 school={Dalhousie University,
         Department of Mathematics, Statistics, \& Computing Science},
 year={1994},
}

% --------------------------------- Book ---------------------------------------

@BOOK{texbook,
 author = "Donald E. Knuth",
 title= "The {{\TeX}book}",
 publisher = "Addison-Wesley",
 year = 1984 }

@BOOK{latex,
 author = "Leslie Lamport",
 title = "{\LaTeX:} {A} Document Preparation System",
 publisher = "Addison-Wesley",
 year = 1986 }

@INBOOK{SFPT,
 author={N. Dunford and J. T. Schwartz},
 title={Linear {Operators},
        {Part} {I}: {General} {Theory}},
 pages={456},
 publisher={Interscience},
 address={New York},
 year={1957},
}

% --------------------------------- Article -------------------------------------

@article{Ancey1996,
author = {Ancey, Christophe and Coussot, Philippe and Evesque, Pierre},
journal = {Mechanics of Cohesive-frictional Materials},
number = {4},
pages = {385--403},
title = {Examination of the possibility of a fluid-mechanics treatment of dense granular flows},
url = {http://doi.wiley.com/10.1002/(SICI)1099-1484(199610)1:4<385::AID-CFM20>3.0.CO;2-0},
volume = {1},
year = {1996}
}

@ARTICLE{dB59,
 author={L. de Branges},
 title={The {Stone}-{Weierstrass} {Theorem}},
 journal={Proc. Amer. Math. Soc.},
 volume=10,
 year=1959,
 pages="822-824",
}

@inproceedings{Huetal2000,
 author = "J. Hu, and H.R. Wu and A. Jennings and X. Wang",
 title = "Fast and robust equalization: A case study",
 booktitle = "Proceedings of the World Multiconference on Systemics, Cybernetics and Informatics, (SCI 2000), Florida, USA, 23-26 July 2000",
 publisher = "International Institute of Informatics and Systemics",
 address = "FL, USA",
 pages = "398--403",
 year = "2000"
}

% --------------------------------- Actual bibliography -------------------------------------

@ARTICLE{Rawat2002,
 author={Sohan Singh Rawat and Vipin Kr. Chaudhary},
 title={Importance of operations research in management practices},
 journal={Bookman International Journal of Accounts, Economics & Business Management},
 number = {1},
 volume={1},
 year={2012}
}

@article{Pataki2000,
author = {Gabor Pataki},
title = {The bad and the good-and-ugly: formulations for the traveling salesman problem},
publisher= {Columbia Optimization Research Center},
year = {2000}
}


@ARTICLE{Desrochers1988,
 author={M. Desrochers and J.K. Lenstra and M.W.P Savelsbergh and F. Soumis},
 title={Vehicle Routing with Time Windows: Optimization and Approximation},
 journal={Vehicle Routing: Methods and Studies},
 publisher= {Elsevier Science Publishers B.V. (North-Holland)},
 year={1988}
}

@ARTICLE{Dantzig1959,
 author={G. B. Dantzig and J. H. Ramser},
 title={The Truck Dispatching Problem},
 journal={Management Science},
 number = {6},
 volume={1},
 publisher={Informs},
 year={1959},
 pages={80-91},
 url={http://www.jstor.org/stable/2627477}
}

@BOOK{LPChvatal,
 author = "Vasek Chvatal",
 title= "Linear Programming",
 publisher = "W.H Freemand and Company",
 year = 1980 }

@BOOK{APMBradley,
 author = "Stephen Bradley and Arnoldo Hax and Thomas Magnanti",
 title= "Applied Mathematical Programming",
 publisher = "Addison-Wesley Publishing Company",
 year = 1977 }

@ARTICLE{Bockmayr2003,
 author={Alexander Bockmayr and John N. Hooker},
 title={Constraint programming},
 publisher= {Carnegie Mellon University},
 year={2003}
}

@inproceedings{Kilby2013,
 author = "Phillip Kilby",
 title = "Constraint Programming for the Vehicle Routing Problem",
 booktitle = "The 19th International Conference on Principles and Practice of Constraint Programming (CP2013), At Uppsala, Sweden",
 publisher = "National Information and Communications T echnology Australia",
 address = "AUSTRALIA",
 year = "2013"
}

@ARTICLE{Meindl2012,
 author={B. Meind and M. Templ},
 title={Analysis of commercial and free and open source solvers for linear optimization problems},
 publisher= {Vienna University of Technology},
 address = "1040 Wien, Wiedner Hauptstr. 8-10/107 AUSTRIA",
 year={2012}
}

@MASTERSTHESIS{Esirgen2010,
 author={Eser Esirgen},
 title={Minimizing costs for transport buyers using integer programming and column generation},
 school={Chalmers University of Technology and University of Gothenburg},
 year={2010},
}

@ARTICLE{Sbihi,
 author={A. Sbihi and R.W. Eglese},
 title={The Relationship between Vehicle Routing and Scheduling and Green Logistics - A Literature Survey},
 publisher= {Department of Management Science, Lancaster University Management School}
}

@ARTICLE{Laporte1999,
 author={Gilbert Laporte and Michel Gendreau and Jean-Yves Potvin and Freederic Semet},
 title={Classical and Modern Heuristics for the Vehicle Routing Problem},
 publisher= {Les Cahiers du GERAD},
 year={1999}
}

@inproceedings{Hakan2012,
 author = "HÃ¥kan Kjellerstrand",
 title = "Comparison of CP Systems",
 booktitle = "11th SweConsNet workshop, Orebro, Sweden on May 14th 2012",
 address = "Sweden",
 year = "2012"
}

@ARTICLE{Nilsson,
 author={Christian Nilsson},
 title={Heuristics for the Traveling Salesman Problem},
 publisher= {Linkoping University}
}

@ARTICLE{Agrawal2010,
 author={Sangeeta Agrawal and KR Subramanian and S.Kapoor},
 title={Operations Research - Contemporary Role in Managerial Decision Making},
 publisher= {International Journal of Recent Research and Applied Studies},
 volume={3},
 number={2},
 year={2010}
}

@misc{ILPCoursera,
  title =        {Linear and Integer Programming},
  institution  = {University of Colorado at Boulder},
  note =         {[online] \url{https://www.coursera.org/course/linearprogramming}},
  url = {https://www.coursera.org/course/linearprogramming}
}

@inproceedings{Dastghaibifard2008,
 author = "G.H. Dastghaibifard and E. Ansari and S.M. Sheykhalishahi and A. Bavandpouri and E. Ashoor",
 title = "A Parallel Branch and Bound Algorithm for Vehicle Routing Problem",
 booktitle = "Proceedings of the International MultiConference of Engineers and Computer Scientists 2008 Vol II IMECS 2008, 19-21 March, 2008, Hong Kong",
 publisher = "International MultiConference of Engineers and Computer Scientists",
 address = "Hong Kong",
 year = "2008"
}

@BOOK{Klein1999,
 author = "Philip N. Klein, Neal E. Young",
 title= "Algorithms and Theory of Computation Handbook",
 publisher = "CRC Press",
 year = 1999 }

@BOOK{LPVanderbei,
 author = "Robert J. Vanderbei",
 title= "Linear Programming: Foundations and Extensions",
 publisher = "CRC Press",
 year = 2001 }

@ARTICLE{Klotz,
 author={Ed Klotz, Alexandra M. Newman},
 title={Practical Guidelines for Solving Difficult Linear Programs},
 publisher= {Division of Economics and Business, Colorado School of Mines}
}

@BOOK{Sottinen2009,
 author = "Tommi Sottinen",
 title= "Operations Research with GNU Linear Programming Kit",
 year = 2009 }

@misc{Optaplanner,
  title =        {OptaPlanner User Guide},
  author={Optaplanner},
  institution  = {The Optaplanner Team},
  year={2016},
  url = {http://www.optaplanner.org/learn/documentation.html}
}

@ARTICLE{Miller1960,
 author={C.E. Miller, A.W. Tucker, R.A. Zemlin },
 title={Integer Programming Formulation of Traveling Salesman Problems },
 year={1960}
}

@misc{GurobiGuide,
  title =        {Gurobi Optimizer Quickstart Guide},
  institution  = {Gurobi Optimization, Inc},
  year =         2015
}

@ARTICLE{Augerat1998,
 author={P. Augerat and J.M. Belenguer and E. Benavent and A. Corberan and D. Naddef and G. Rinaldi},
 title={Computational Results with a Branch-and-Cut Code for the Capacitated Vehicle Routing Problem},
 publisher= {Istituto di Analisi dei Sistemi ed Informatica},
 year={1998}
}

@ARTICLE{Pataki2003,
 author={Gabor Pataki},
 title={Teaching Integer Programming Formulations Using the Traveling Salesman Problem},
 publisher= {Society for Industrial and Applied Mathematics},
 volume={45},
 number={1},
 pages="116-123",
 year={2003}
}

@ARTICLE{Daneshzand2011,
 author={Farzaneh Daneshzand},
 title={The Vehicle-Routing Problem},
 publisher= {Elsevier Inc},
 journal={Logistics Operations and Management},
 year={2011}
}

@BOOK{wilson1996,
 author = "Robin Wilson",
 title= "Introduction to Graph Theory",
 year = "1996" }

 @misc{ wiki:OR,
   author = "Wikipedia",
   title = "Operations research --- Wikipedia{,} The Free Encyclopedia",
   year = "2016",
   url = "\url{https://en.wikipedia.org/w/index.php?title=Operations_research&oldid=714441638}",
   note = "[Online] \url{https://en.wikipedia.org/w/index.php?title=Operations_research&oldid=714441638}"
 }

  @misc{ wiki:SA,
   author = "Wikipedia",
   title = "Simplex algorithm --- Wikipedia{,} The Free Encyclopedia",
   year = "2016",
   url = "\url{https://en.wikipedia.org/w/index.php?title=Simplex_algorithm&oldid=711341539}",
   note = "[Online] \url{https://en.wikipedia.org/w/index.php?title=Simplex_algorithm&oldid=711341539}"
 }

@MISC{seas:SM,
   author = "Prof. Rahul Simha",
   title = {The Traveling Salesman Problem (TSP)},
   note = {[Online] \url{https://www.seas.gwu.edu/~simhaweb/champalg/tsp/tsp.html}},
   url = {https://www.seas.gwu.edu/~simhaweb/champalg/tsp/tsp.html}
}

@MISC{Wiki:SPM,
   author = "Wikipedia",
   title = "Simplex algorithm --- Wikipedia{,} The Free Encyclopedia",
   year = "2016",
   note = {[Online] \url{https://en.wikipedia.org/wiki/Simplex_algorithm#/media/File:Simplex-method-3-dimensions.png}},
   url = {https://en.wikipedia.org/wiki/Simplex_algorithm#/media/File:Simplex-method-3-dimensions.png}
}

@MISC{neo:vrp,
   institution = "NEO Research Group",
   author="NEO",
   publisher="NEO Research Group",
   title = "Vehicle Routing Problem",
   year = "2016",
   note = {[Online] \url{http://neo.lcc.uma.es/vrp/vehicle-routing-problem/}},
   url = {http://neo.lcc.uma.es/vrp/vehicle-routing-problem/}
}

@MISC{gurobi:solvers,
   institution = "Gurobi Inc",
   author="Gurobi",
   publisher=  "Gurobi Inc",
   title = "Open Source Linear and Mixed-Integer Programming Software and Solvers",
   year = "2016",
   note = {[Online] \url{http://www.gurobi.com/resources/switching-to-gurobi/open-source-solvers}},
   url = {http://www.gurobi.com/resources/switching-to-gurobi/open-source-solvers}
}

@MISC{zweigmedia,
   author = "Stefan Waner",
   title = "Finite mathematics utility: linear programming grapher",
   year = "2009",
   note = {[Online] \url{http://www.zweigmedia.com/RealWorld/LPGrapher/lpg.html}},
   url = {http://www.zweigmedia.com/RealWorld/LPGrapher/lpg.html}
}

 @misc{ wiki:cp,
   author = "Wikipedia",
   title = "Constraint programming --- Wikipedia{,} The Free Encyclopedia",
   year = "2016",
   url = "\url{https://en.wikipedia.org/w/index.php?title=Constraint_programming&oldid=707945257}",
   note = "[Online] \url{https://en.wikipedia.org/w/index.php?title=Constraint_programming&oldid=707945257}"
 }

 @misc{ wiki:haversine,
   author = "Wikipedia",
   title = "Haversine formula --- Wikipedia{,} The Free Encyclopedia",
   year = "2016",
   url = "\url{https://en.wikipedia.org/w/index.php?title=Haversine_formula&oldid=710015263}",
   note = "[Online] \url{https://en.wikipedia.org/w/index.php?title=Haversine_formula&oldid=710015263}"
 }

@BOOK{Lawler1985,
  author = "E. Lawler and J. K. Lenstra and A. H. G. Rinnooy Kan and D. B. Shmoys",
  title= "The Traveling Salesman Problem: A Guided Tour of Combinatorial Optimization",
  publisher="Wiley",
  address="Chichester, UK",
  year = 1985
}

@MISC{neo:exact,
 institution = {NEO Research Group},
 author= {NEO},
 title = {Solution Methods for VRP},
 year = {2016},
 note = {[Online] \url{http://neo.lcc.uma.es/vrp/solution-methods/}},
 url = {http://neo.lcc.uma.es/vrp/solution-methods/}
}

@MISC{gurobi:mip,
 institution = {Gurobi Inc},
 author={Gurobi},
  publisher = {Gurobi Inc},
 title = {Mixed-Integer Programming (MIP) - A Primer on the Basics},
 year = {2016},
 note = {[Online] \url{http://www.gurobi.com/resources/getting-started/mip-basics}},
 url = {http://www.gurobi.com/resources/getting-started/mip-basics}
}

@ARTICLE{Lenstra1981,
 author={J.K.Lenstra and A.H.G. Rinnooy Kan},
 title={Complexity of Vehicle Routing and Scheduling Problems},
 journal={Networks},
 volume={11},
 year={1981},
 pages={221-227},
 publisher={Wiley}
}


@ARTICLE{Megiddo1987,
 author={Nimrod Megiddo},
 title={On the Complexity of Linear Programming},
 journal={Advances in Economic Theory. Fifth World Congress},
 year={1987},
 publisher={Cambridge University Press}
}


@ARTICLE{Papadimitriou1981,
 author={Christos Papadimitriou},
 title={On the Complexity of Linear Programming},
 journal={Journal of the Association of Computing Machinery},
 volume={28},
 year={1981},
 pages={765-768},
 publisher={ACM}
}

@misc{Pedroso2013,
  author = "Joao Pedro Pedroso",
  title="Mathematical Optimisation: Solving Problems Using Gurobi and Python",
  howpublished = {online},
  institution  = {Universidade do Porto},
  year =         2013,
  note =         {[online] \url{http://www.dcc.fc.up.pt/~jpp/GurobiBook/GurobiBook/Book.html}},
  url = {http://www.dcc.fc.up.pt/~jpp/GurobiBook/GurobiBook/Book.html}
}